@book{manual,
   journal = {National Semiconductor Corporation},
   author = {},
   Publisher = {Texas Instruments},
   title = {LF356 JFET Input Operational Amplifiers},
   year = {2011},
}
@book{Balmos2019,
   author = {Andrew Balmos and Sutton Hathorn},
   editor = {Brooke Parks},
   publisher = {Balmos Hathorn},
   title = {Electrical Engineering Fundamentals Laboratory I},
   year = {2019},
}
